
# These de Boissinot sur les variables live en SSA
@phdthesis{Boi10,
    title = "Towards an SSA based compiler back-end: some interesting %
	properties of SSA and its extensions",
    author = "B. Boissinot",
    school = "École Normale Supérieure de Lyon",
    year = "2010"
 }


@inproceedings{GopanR06,
  author    = {Denis Gopan and
               Thomas W. Reps},
  title     = {Lookahead Widening},
  booktitle = {CAV},
  year      = {2006},
  pages     = {452-466},
  ee        = {http://dx.doi.org/10.1007/11817963_41},
  crossref  = {DBLP:conf/cav/2006},
  bibsource = {DBLP, http://dblp.uni-trier.de}
}

@proceedings{DBLP:conf/cav/2006,
  editor    = {Thomas Ball and
               Robert B. Jones},
  title     = {Computer Aided Verification, 18th International Conference,
               CAV 2006, Seattle, WA, USA, August 17-20, 2006, Proceedings},
  booktitle = {CAV},
  publisher = {Springer},
  series    = {Lecture Notes in Computer Science},
  volume    = {4144},
  year      = {2006},
  isbn      = {3-540-37406-X},
  bibsource = {DBLP, http://dblp.uni-trier.de}
}

# Abstract interpretation
@inproceedings{CC77,
  author    = {Patrick Cousot and
               Radhia Cousot},
  title     = {Abstract Interpretation: A Unified Lattice Model for Static
               Analysis of Programs by Construction or Approximation of
               Fixpoints},
  booktitle = {POPL},
  year      = {1977},
  pages     = {238-252},
  ee        = {http://doi.acm.org/10.1145/512950.512973},
  bibsource = {DBLP, http://dblp.uni-trier.de}
}

@inproceedings{CH78,
  author    = {Patrick Cousot and
               Nicolas Halbwachs},
  title     = {Automatic Discovery of Linear Restraints Among Variables
               of a Program},
  booktitle = {POPL},
  year      = {1978},
  pages     = {84-96},
  ee        = {http://doi.acm.org/10.1145/512760.512770},
  bibsource = {DBLP, http://dblp.uni-trier.de}
}

# APRON
@inproceedings{JM09,
  author    = {Bertrand Jeannet and
               Antoine Min{\'e}},
  title     = {Apron: A Library of Numerical Abstract Domains for Static
               Analysis},
  booktitle = {CAV},
  year      = {2009},
  pages     = {661-667},
  ee        = {http://dx.doi.org/10.1007/978-3-642-02658-4_52},
  crossref  = {DBLP:conf/cav/2009},
  bibsource = {DBLP, http://dblp.uni-trier.de}
}

@proceedings{DBLP:conf/cav/2009,
  editor    = {Ahmed Bouajjani and
               Oded Maler},
  title     = {Computer Aided Verification, 21st International Conference,
               CAV 2009, Grenoble, France, June 26 - July 2, 2009. Proceedings},
  booktitle = {CAV},
  publisher = {Springer},
  series    = {Lecture Notes in Computer Science},
  volume    = {5643},
  year      = {2009},
  isbn      = {978-3-642-02657-7},
  ee        = {http://dx.doi.org/10.1007/978-3-642-02658-4},
  bibsource = {DBLP, http://dblp.uni-trier.de}
}

